<?xml version="1.0" encoding="UTF-8"?><collection xmlns="http://www.loc.gov/MARC21/slim"><record><leader>00516nam--2200193-u-4500</leader><controlfield tag="001">000051591</controlfield><controlfield tag="002">20161230</controlfield><controlfield tag="005">20161230201049</controlfield><controlfield tag="008">080807s1000------------r-----000-0-eng-d</controlfield><datafield ind1=" " ind2=" " tag="020"><subfield code="a">0-19-928095-9</subfield></datafield><datafield ind1=" " ind2=" " tag="040"><subfield code="a">IFIN-HH</subfield></datafield><datafield ind1=" " ind2=" " tag="080"><subfield code="a">544:577</subfield></datafield><datafield ind1="1" ind2=" " tag="100"><subfield code="a">Atkins,Peter</subfield></datafield><datafield ind1="1" ind2="0" tag="245"><subfield code="a">Physical Chemistry for the Life Sciences</subfield><subfield code="c">Peter Atkins Julio de Paula</subfield></datafield><datafield ind1=" " ind2=" " tag="260"><subfield code="a">Oxford</subfield><subfield code="b">Oxford University Press</subfield><subfield code="c">2006</subfield></datafield><datafield ind1=" " ind2=" " tag="300"><subfield code="a">699 p</subfield></datafield><datafield ind1="1" ind2=" " tag="700"><subfield code="a">Julio de Paula</subfield></datafield><datafield ind1=" " ind2=" " tag="852"><subfield code="a">82104</subfield><subfield code="c">541.1</subfield></datafield><datafield ind1=" " ind2=" " tag="CAT"><subfield code="a">Sys</subfield><subfield code="c">20080807</subfield><subfield code="h">130915</subfield></datafield></record></collection>